00476cas a22001931a 4500
001 9917737253502836
003 Nz
005 20161223172958.0
008 031218m1907uuuunz  r ne      000 0 eng d
035    $a (Nz)8131134
035    $a (NLNZils)1773725-ilsdb
040    $a WN $c WN
042    $a nznb
043    $a u-nz---
245 00 $a Auckland argus.
260    $a Auckland [N.Z.]
362 0  $a 1907 Sep.4-?
651  0 $a Auckland (N.Z.) $v Newspapers.
655  7 $a New Zealand newspapers. $2 local $5 Nz
